@article{nazeri2019edgeconnect,
	title={Edgeconnect: Generative image inpainting with adversarial edge learning},
	author={Nazeri, Kamyar and Ng, Eric and Joseph, Tony and Qureshi, Faisal and Ebrahimi, Mehran},
	journal={arXiv preprint arXiv:1901.00212},
	year={2019}
}

@article{newson2014video,
	title={Video inpainting of complex scenes},
	author={Newson, Alasdair and Almansa, Andr{\'e}s and Fradet, Matthieu and Gousseau, Yann and P{\'e}rez, Patrick},
	journal={SIAM Journal on Imaging Sciences},
	volume={7},
	number={4},
	pages={1993--2019},
	year={2014},

}

@InProceedings{Isola_2017_CVPR,
	author = {Isola, Phillip and Zhu, Jun-Yan and Zhou, Tinghui and Efros, Alexei A.},
	title = {Image-To-Image Translation With Conditional Adversarial Networks},
	booktitle = {The IEEE Conference on Computer Vision and Pattern Recognition},
	year = {2017}
}



@InProceedings{Flownet_2017_CVPR,
	author = {Ilg, Eddy and Mayer, Nikolaus and Saikia, Tonmoy and Keuper, Margret and Dosovitskiy, Alexey and Brox, Thomas},
	title = {FlowNet 2.0: Evolution of Optical Flow Estimation With Deep Networks},
	booktitle = {The IEEE Conference on Computer Vision and Pattern Recognition},
	year = {2017}
}


@ARTICLE{wexler2004space, 
author={Y. {Wexler} and E. {Shechtman} and M. {Irani}}, 
journal={IEEE Transactions on Pattern Analysis and Machine Intelligence}, 
title={Space-Time Completion of Video}, 
year={2007}, 
volume={29}, 
number={3}, 
pages={463-476}, 
}



@article{patwardhan2007video,
	title={Video inpainting under constrained camera motion},
	author={Patwardhan, Kedar A and Sapiro, Guillermo and Bertalm{\'\i}o, Marcelo},
	journal={IEEE Transactions on Image Processing},
	volume={16},
	number={2},
	pages={545--553},
	year={2007},
}

@InProceedings{Xiong_2019_CVPR,
	author = {Xiong, Wei and Yu, Jiahui and Lin, Zhe and Yang, Jimei and Lu, Xin and Barnes, Connelly and Luo, Jiebo},
	title = {Foreground-Aware Image Inpainting},
	booktitle = {The IEEE Conference on Computer Vision and Pattern Recognition},
	year = {2019}
}


@article{yu2018free,
	title={Free-Form Image Inpainting with Gated Convolution},
	author={Yu, Jiahui and Lin, Zhe and Yang, Jimei and Shen, Xiaohui and Lu, Xin and Huang, Thomas S},
	journal={arXiv preprint arXiv:1806.03589},
	year={2018}
}

@InProceedings{Xu_2019_CVPR,
	author = {Xu, Rui and Li, Xiaoxiao and Zhou, Bolei and Loy, Chen Change},
	title = {Deep Flow-Guided Video Inpainting},
	booktitle = {The IEEE Conference on Computer Vision and Pattern Recognition},
	
	year = {2019}
}

@InProceedings{Kim_2019_CVPR1,
	author = {Kim, Dahun and Woo, Sanghyun and Lee, Joon-Young and Kweon, In So},
	title = {Deep Video Inpainting},
	booktitle = {The IEEE Conference on Computer Vision and Pattern Recognition},

	year = {2019}
}


@InProceedings{Hasan_2016_CVPR,
	author = {Hasan, Mahmudul and Choi, Jonghyun and Neumann, Jan and Roy-Chowdhury, Amit K. and Davis, Larry S.},
	title = {Learning Temporal Regularity in Video Sequences},
	booktitle = {The IEEE Conference on Computer Vision and Pattern Recognition},
	year = {2016}
}


@InProceedings{Kim_2019_CVPR,
	author = {Kim, Dahun and Woo, Sanghyun and Lee, Joon-Young and Kweon, In So},
	title = {Deep Blind Video Decaptioning by Temporal Aggregation and Recurrence},
	booktitle = {The IEEE Conference on Computer Vision and Pattern Recognition},
	year = {2019}
}

@InProceedings{He_2016_CVPR,
	author = {He, Kaiming and Zhang, Xiangyu and Ren, Shaoqing and Sun, Jian},
	title = {Deep Residual Learning for Image Recognition},
	booktitle = {The IEEE Conference on Computer Vision and Pattern Recognition},
	year = {2016}
}

@article{gatys2015neural,
	title={A neural algorithm of artistic style},
	author={Gatys, Leon A and Ecker, Alexander S and Bethge, Matthias},
	journal={arXiv preprint arXiv:1508.06576},
	year={2015}
}
@InProceedings{Sajjadi_2017_ICCV,
	author = {Sajjadi, Mehdi S. M. and Scholkopf, Bernhard and Hirsch, Michael},
	title = {EnhanceNet: Single Image Super-Resolution Through Automated Texture Synthesis},
	booktitle = {The IEEE International Conference on Computer Vision},
	year = {2017}
}

@inproceedings{liu2018partialinpainting,
	author    = {Guilin Liu and Fitsum A. Reda and Kevin J. Shih and Ting-Chun Wang and Andrew Tao and Bryan Catanzaro},
	title     = {Image Inpainting for Irregular Holes Using Partial Convolutions},
	booktitle = {The European Conference on Computer Vision},   
	year      = {2018},
}


@inproceedings{wang2019video,
	title={Video inpainting by jointly learning temporal structure and spatial details},
	author={Wang, Chuan and Huang, Haibin and Han, Xiaoguang and Wang, Jue},
	booktitle={Proceedings of the AAAI Conference on Artificial Intelligence},
	year={2019}
}
@article{davis_2017,
	author = {Jordi Pont-Tuset and Federico Perazzi and Sergi Caelles and Pablo Arbel\'aez and Alexander Sorkine-Hornung and Luc {Van Gool}},
	title = {The 2017 DAVIS Challenge on Video Object Segmentation},
	journal = {arXiv:1704.00675},
	year = {2017}
}


@article{xu2018youtube,
	title={Youtube-vos: A large-scale video object segmentation benchmark},
	author={Xu, Ning and Yang, Linjie and Fan, Yuchen and Yue, Dingcheng and Liang, Yuchen and Yang, Jianchao and Huang, Thomas},
	journal={arXiv preprint arXiv:1809.03327},
	year={2018}
}